<?xml version="1.0" encoding="UTF-8"?><collection xmlns="http://www.loc.gov/MARC21/slim"><record><leader>00406nam--2200157-i-4500</leader><controlfield tag="001">000004379</controlfield><controlfield tag="002">20161230</controlfield><controlfield tag="005">20161230201025</controlfield><controlfield tag="008">060222s1000------------r-----000-0-eng-d</controlfield><datafield ind1=" " ind2=" " tag="040"><subfield code="a">IFIN-HH</subfield></datafield><datafield ind1=" " ind2=" " tag="100"><subfield code="a">Dwyer, Paus S</subfield></datafield><datafield ind1=" " ind2=" " tag="245"><subfield code="a">Linear computations</subfield></datafield><datafield ind1=" " ind2=" " tag="260"><subfield code="a">NEW YORK, JOHN WILEY, 1951, 344 p</subfield></datafield><datafield ind1=" " ind2=" " tag="490"><subfield code="a">Wiley Publications In Statistics</subfield></datafield><datafield ind1=" " ind2=" " tag="852"><subfield code="a">13725</subfield><subfield code="c">518.12</subfield></datafield><datafield ind1=" " ind2=" " tag="CAT"><subfield code="a">Sys</subfield><subfield code="c">20090624</subfield><subfield code="h">110004</subfield></datafield></record></collection>